@misc{postgresql_explain,
  author = {{ The PostgreSQL Global Development Group}},
  year = {n.d.},
  title = {EXPLAIN},
  note = {Accessed November 16, 2023.  \url{https://www.postgresql.org/docs/15/sql-explain.html}}
}

@misc{developer_imdb,
  author = {{ IMDb.com, Inc}},
  year = {n.d.},
  title = {IMDb Non-Commercial Datasets},
  note = {Accessed November 16, 2023.  \url{https://developer.imdb.com/non-commercial-datasets/}}
}

@misc{linkedin_compare_texttosql,
  author = {{ Ian Thomas}},
  year = {2023},
  title = {The Great SQL bot Bake Off: Comparing the big LLM beasts on SQL code generation},
  note = {Accessed November 29, 2023.  \url{https://www.linkedin.com/pulse/great-sql-bot-bake-off-comparing-big-llm-beasts-code-ian-thomas/}}
}

@misc{devblogs_microsoft,
  author = {{Chris Rickman, Nilesh Acharya}},
  year = {2023},
  title = {Use natural language to execute SQL queries},
  note = {Accessed November 29, 2023.  \url{https://devblogs.microsoft.com/semantic-kernel/use-natural-language-to-execute-sql-queries/}}
}

@inproceedings{robinson2014cost,
  title={Cost-based query optimization via AI planning},
  author={Robinson, Nathan and McIlraith, Sheila and Toman, David},
  booktitle={Proceedings of the AAAI Conference on Artificial Intelligence},
  volume={28},
  year={2014}
}
@inproceedings{subali2018new,
  title={A new model for measuring the complexity of SQL commands},
  author={Subali, Made Agus Putra and Rochimah, Siti},
  booktitle={2018 10th International Conference on Information Technology and Electrical Engineering (ICITEE)},
  pages={1--5},
  year={2018},
  organization={IEEE}
}

@article{li2023can,
  title={Can LLM already serve as A database interface},
  author={Li, Jinyang and Hui, Binyuan and Qu, Ge and Li, Binhua and Yang, Jiaxi and Li, Bowen and Wang, Bailin and Qin, Bowen and Cao, Rongyu and Geng, Ruiying and others},
  journal={A big bench for large-scale database grounded text-to-sqls. CoRR abs/2305.03111},
  year={2023}
}